@book{algorithms-is-proof,
    author    = "S. Dasgupta, C.H. Papadimitriou, and U.V. Vazirani",
    title     = "Algorithms",
    year      = "2006",
    publisher = "McGraw-Hill Education",
    pages 		= "891--921"
}
