% Referencing a book
% @book{the_d_programming_language,
% 	author = {Andrei Alexandrescu},
% 	title = {The D Programming Language},
% 	publisher = {Addison-Wesley},
% 	year = {2010},
% }
% % Referencing an article
% @article{watson_ethan_d,
%   author = {Ethan Watson},
% 	organization = {Remedy Entertainment},
%   title = {Quantum Break: AAA Gaming With Some D Code},
%   year = {2016},
%   howpublished = {\url{http://dconf.org/2016/talks/watson.html}},
% }
% % Referencing a webpage
% @misc{functional_programming_in_d,
% 	author = {Andreas Zwinkau},
% 	title = {Functional Programming with D},
% 	year = {2013},
% 	howpublished = {\url{http://beza1e1.tuxen.de/articles/functional_D.html}},
% }
